@article{cemusaspect,
  title={Aspect-driven Context-aware Services},
  author={Cemus, Karel and Klimes, Filip and Cerny, Tomas}
}

@article{cemus2017separation,
  title={Separation of concerns for distributed cross-platform context-aware user interfaces},
  author={Cemus, Karel and Klimes, Filip and Kratochvil, Ondrej and Cerny, Tomas},
  journal={Cluster Computing},
  pages={1--8},
  year={2017},
  publisher={Springer}
}

@article{cerny2017disambiguation,
  title={Disambiguation and Comparison of SOA, Microservices and Self-Contained Systems},
  author={Cerny, Tomas and Donahoo, Michael J and Pechanec, Jiri},
  year={2017}
}
